@article{taylor2016open,
  title={Open-ended evolution: perspectives from the OEE workshop in York},
  author={Taylor, Tim and Bedau, Mark and Channon, Alastair and Ackley, David and Banzhaf, Wolfgang and Beslon, Guillaume and Dolson, Emily and Froese, Tom and Hickinbotham, Simon and Ikegami, Takashi and others},
  journal={Artificial life},
  volume={22},
  number={3},
  pages={408--423},
  year={2016},
  publisher={MIT Press}
}

@article{lehman2011abandoning,
  title={Abandoning objectives: Evolution through the search for novelty alone},
  author={Lehman, Joel and Stanley, Kenneth O},
  journal={Evolutionary computation},
  volume={19},
  number={2},
  pages={189--223},
  year={2011},
  publisher={MIT Press}
}

@article{lenski2003evolutionary,
  title={The evolutionary origin of complex features},
  author={Lenski, Richard E and Ofria, Charles and Pennock, Robert T and Adami, Christoph},
  journal={Nature},
  volume={423},
  number={6936},
  pages={139--144},
  year={2003},
  publisher={Nature Publishing Group}
}

@inproceedings{nguyen2015innovation,
  title={Innovation engines: Automated creativity and improved stochastic optimization via deep learning},
  author={Nguyen, Anh Mai and Yosinski, Jason and Clune, Jeff},
  booktitle={Proceedings of the 2015 Annual Conference on Genetic and Evolutionary Computation},
  pages={959--966},
  year={2015}
}

@article{stanley2017open,
  title={Open-endedness: The last grand challenge you’ve never heard of},
  author={Stanley, Kenneth O and Lehman, Joel and Soros, Lisa},
  journal={O’Reilly Online},
  year={2017}
}

@article{packard2019overview,
  title={An overview of open-ended evolution: Editorial introduction to the open-ended evolution ii special issue},
  author={Packard, Norman and Bedau, Mark A and Channon, Alastair and Ikegami, Takashi and Rasmussen, Steen and Stanley, Kenneth O and Taylor, Tim},
  journal={Artificial life},
  volume={25},
  number={2},
  pages={93--103},
  year={2019},
  publisher={MIT Press}
}

@article{channon2019maximum,
  title={Maximum individual complexity is indefinitely scalable in Geb},
  author={Channon, Alastair},
  journal={Artificial life},
  volume={25},
  number={2},
  pages={134--144},
  year={2019},
  publisher={MIT Press}
}

@inproceedings{ackley2011pursue,
  title={Pursue Robust Indefinite Scalability.},
  author={Ackley, David H and Cannon, Daniel C},
  booktitle={HotOS},
  year={2011}
}

@book{miaoulis2008intelligent,
  title={Intelligent Scene Modelling Information Systems},
  author={Miaoulis, Georgios and Plemenos, Dimitri},
  volume={181},
  year={2008},
  publisher={Springer}
}

@inproceedings{krizhevsky2012imagenet,
  title={Imagenet classification with deep convolutional neural networks},
  author={Krizhevsky, Alex and Sutskever, Ilya and Hinton, Geoffrey E},
  booktitle={Advances in neural information processing systems},
  pages={1097--1105},
  year={2012}
}

@article{dagum1998openmp,
  title={OpenMP: an industry standard API for shared-memory programming},
  author={Dagum, Leonardo and Menon, Ramesh},
  journal={IEEE computational science and engineering},
  volume={5},
  number={1},
  pages={46--55},
  year={1998},
  publisher={IEEE}
}

@incollection{clarke1994mpi,
  title={The MPI message passing interface standard},
  author={Clarke, Lyndon and Glendinning, Ian and Hempel, Rolf},
  booktitle={Programming environments for massively parallel distributed systems},
  pages={213--218},
  year={1994},
  publisher={Springer}
}

@article{ackley2018alife,
author = {Ackley, David H.},
title = {Digital protocells with dynamic size, position, and topology},
journal = {The 2018 Conference on Artificial Life: A Hybrid of the European Conference on Artificial Life (ECAL) and the International Conference on the Synthesis and Simulation of Living Systems (ALIFE)},
volume = {},
number = {},
pages = {83-90},
year = {2018},
doi = {10.1162/isal\_a\_00021},
URL = {
        https://www.mitpressjournals.org/doi/abs/10.1162/isal_a_00021
},
eprint = {
        https://www.mitpressjournals.org/doi/pdf/10.1162/isal_a_00021
}
,
    abstract = { In spatial computational models such as cellular automata (CA), designing mobile objects larger than the CA neighborhood is challenging when the object properties and dynamics are incompletely specified in advance. This paper introduces C211, a two-dimensional digital â€˜protocellâ€™ with life-like and potentially useful features, designed for the best-effort asynchronous CA called the Movable Feast Machine (MFM). The protocell consists of an amorphous variable-density â€˜cytoplasmâ€™ that uses gossiping to coordinate operations such as cell movements, surrounded by an asymmetric â€˜bilayer membraneâ€™ providing some environmental isolation while adapting to cytoplasmic dynamics. C211 was engineered in a new â€˜little languageâ€™ called SPLAT, which adds discrete 2D spatial pattern transforms to the ulam programming language. SPLAT is expressive enough that minimal code was required, for example, to enable membrane topology changes such as cell splitting and fusion. C211â€™s cytoplasm maintains internal state but leaves dozens of bits unused per atom, while its membrane is purely stigmergic and statelessâ€”so vast tracts of pristine CA state space remain available for future cellular dynamics, whether engineered, evolved, or both. }
}

@article{moreno2019toward,
  title={Toward open-ended fraternal transitions in individuality},
  author={Moreno, Matthew Andres and Ofria, Charles},
  journal={Artificial life},
  volume={25},
  number={2},
  pages={117--133},
  year={2019},
  publisher={MIT Press}
}

@article{dolson2019modes,
  title={The MODES toolbox: Measurements of open-ended dynamics in evolving systems},
  author={Dolson, Emily L and Vostinar, Anya E and Wiser, Michael J and Ofria, Charles},
  journal={Artificial life},
  volume={25},
  number={1},
  pages={50--73},
  year={2019},
  publisher={MIT Press}
}

@inproceedings{soros2014identifying,
  title={Identifying necessary conditions for open-ended evolution through the artificial life world of chromaria},
  author={Soros, L and Stanley, Kenneth},
  booktitle={Artificial Life Conference Proceedings 14},
  pages={793--800},
  year={2014},
  organization={MIT Press}
}

@article{huizinga2018emergence,
  title={The emergence of canalization and evolvability in an open-ended, interactive evolutionary system},
  author={Huizinga, Joost and Stanley, Kenneth O and Clune, Jeff},
  journal={Artificial life},
  volume={24},
  number={3},
  pages={157--181},
  year={2018},
  publisher={MIT Press}
}

@article{sutter2005free,
  title={The free lunch is over: A fundamental turn toward concurrency in software},
  author={Sutter, Herb},
  journal={Dr. Dobb’s journal},
  volume={30},
  number={3},
  pages={202--210},
  year={2005}
}

@Book{eiben2015introduction,
 author = {Eiben, Agoston},
 title = {Introduction to evolutionary computing},
 publisher = {Springer},
 year = {2015},
 address = {Berlin},
 isbn = {978-3-662-44873-1}
 }

 @article{markov2014limits,
   title={Limits on fundamental limits to computation},
   author={Markov, Igor L},
   journal={Nature},
   volume={512},
   number={7513},
   pages={147--154},
   year={2014},
   publisher={Nature Publishing Group}
 }

 @article{bassett2017small,
   title={Small-world brain networks revisited},
   author={Bassett, Danielle S and Bullmore, Edward T},
   journal={The Neuroscientist},
   volume={23},
   number={5},
   pages={499--516},
   year={2017},
   publisher={SAGE Publications Sage CA: Los Angeles, CA}
 }

 @article{fox2014herbivores,
   title={Herbivores in a small world: network theory highlights vulnerability in the function of herbivory on coral reefs},
   author={Fox, Rebecca J and Bellwood, David R},
   journal={Functional Ecology},
   volume={28},
   number={3},
   pages={642--651},
   year={2014},
   publisher={Wiley Online Library}
 }

 @article{gaiteri2014beyond,
   title={Beyond modules and hubs: the potential of gene coexpression networks for investigating molecular mechanisms of complex brain disorders},
   author={Gaiteri, Chris and Ding, Ying and French, Beverly and Tseng, George C and Sibille, Etienne},
   journal={Genes, brain and behavior},
   volume={13},
   number={1},
   pages={13--24},
   year={2014},
   publisher={Wiley Online Library}
 }

 @article{watts1998collective,
   title={Collective dynamics of ‘small-world’networks},
   author={Watts, Duncan J and Strogatz, Steven H},
   journal={nature},
   volume={393},
   number={6684},
   pages={440},
   year={1998},
   publisher={Nature Publishing Group}
 }
